@misc{ipf,
  title={{I}nternational {P}owerlifting {F}ederation},
  howpublished = {\url{http://www.powerlifting-ipf.com/fileadmin/data/Technical_Rules/2013_Technical_Rules_english.pdf}}
}
